<record xmlns="http://www.loc.gov/MARC21/slim" xmlns:xsi="http://www.w3.org/2001/XMLSchema-instance" xsi:schemaLocation="http://www.loc.gov/MARC21/slim http://www.loc.gov/standards/marcxml/schema/MARC21slim.xsd">

  <leader>01155nab a22001697a 4500</leader>
  <controlfield tag="005">20160331134940.0</controlfield>
  <controlfield tag="008">151211b2006    cr f|||| |||| 00| 0 spa d</controlfield>
  <datafield ind2=" " ind1=" " tag="090">
    <subfield code="a">REVIS 06.02.01</subfield>
  </datafield>
  <datafield ind1="1" tag="100" ind2=" ">
    <subfield code="9">1203</subfield>
    <subfield code="a">Sánchez Avedaño, Carlos</subfield>
  </datafield>
  <datafield tag="245" ind1="1" ind2="1">
    <subfield code="a">¿Cuestión de Método? Sobre los cursos remediales universitarios de expresión escrita /</subfield>
    <subfield code="c">Carlos Sánchez Avedaño</subfield>
  </datafield>
  <datafield tag="260" ind1=" " ind2=" ">
    <subfield code="a">San José, Costa Rica :</subfield>
    <subfield code="b">Editorial Universidad de Costa Rica,</subfield>
    <subfield code="c">2006</subfield>
  </datafield>
  <datafield tag="300" ind1=" " ind2=" ">
    <subfield code="a">páginas 65-81</subfield>
  </datafield>
  <datafield ind2=" " tag="520" ind1=" ">
    <subfield code="a">En este artículo,  se realiza un análisis de los resultados obtenidos en dos grupos universitarios de redacción con una metodología y una concepción de lengua distinta: un curso con perspectiva gramaticalista -normativa y uno de desarrollo de estrategias de producción textual. Posteriormente, se plantea  una reflexión sobre la naturaleza de los cursos  de expresión escrita universitarios y se esbozan los objetivos  de un curso para este nivel</subfield>
  </datafield>
  <datafield ind2="4" tag="650" ind1="1">
    <subfield code="9">1</subfield>
    <subfield code="a">EDUCACIÓN</subfield>
  </datafield>
  <datafield ind2=" " tag="773" ind1="0">
    <subfield code="d">San José, Costa Rica : Editorial de la Universidad de Costa Rica, 1997-</subfield>
    <subfield code="o">R0306</subfield>
    <subfield code="t">EDUCACIÓN: Revista de la Universidad de Costa Rica</subfield>
    <subfield code="g">Vol.30, no.1 (2006)</subfield>
  </datafield>
  <datafield ind1=" " tag="942" ind2=" ">
    <subfield code="2">z</subfield>
    <subfield code="c">10</subfield>
  </datafield>
  <datafield tag="999" ind1=" " ind2=" ">
    <subfield code="c">2958</subfield>
    <subfield code="d">2958</subfield>
  </datafield>
</record>